<record><leader>00000cas a22000007a 4500</leader><controlfield tag="001">28082144</controlfield><controlfield tag="008">930510d193419uunmuwr ne      0    0eng d</controlfield><datafield ind1=" " ind2=" " tag="010"><subfield code="a">sn 93061653 </subfield></datafield><datafield ind1=" " ind2=" " tag="040"><subfield code="a">NVM</subfield><subfield code="b">eng</subfield><subfield code="c">NVM</subfield><subfield code="d">OCLCQ</subfield></datafield><datafield ind1=" " ind2=" " tag="042"><subfield code="a">msc</subfield></datafield><datafield ind1=" " ind2=" " tag="043"><subfield code="a">n-us-nm</subfield></datafield><datafield ind1="0" ind2=" " tag="130"><subfield code="a">Harding County developer (Mosquero, N.M. : 1934)</subfield></datafield><datafield ind1="1" ind2="0" tag="245"><subfield code="a">Harding County developer.</subfield></datafield><datafield ind1=" " ind2=" " tag="260"><subfield code="a">Mosquero, Harding County, N.M. :</subfield><subfield code="b">W.C. Yarbrough</subfield></datafield><datafield ind1=" " ind2=" " tag="300"><subfield code="a">v.</subfield></datafield><datafield ind1=" " ind2=" " tag="310"><subfield code="a">Weekly</subfield></datafield><datafield ind1="0" ind2=" " tag="362"><subfield code="a">Vol. 21, no. 14 (Mar. 9, 1934)-</subfield></datafield><datafield ind1=" " ind2=" " tag="500"><subfield code="a">Published at Roy, N.M. Mar. 9, 1934-July 3, 1936, then moved back to Mosquero, N.M.</subfield></datafield><datafield ind1=" " ind2=" " tag="530"><subfield code="a">Also on microfilm: Albuquerque, N.M. : University of New Mexico Library.</subfield></datafield><datafield ind1=" " ind2="4" tag="651"><subfield code="a">Roy (N.M.)</subfield><subfield code="v">Newspapers.</subfield></datafield><datafield ind1=" " ind2="4" tag="651"><subfield code="a">Mosquero (N.M.)</subfield><subfield code="v">Newspapers.</subfield></datafield><datafield ind1=" " ind2="4" tag="651"><subfield code="a">Harding County (N.M.)</subfield><subfield code="v">Newspapers.</subfield></datafield><datafield ind1=" " ind2=" " tag="752"><subfield code="a">United States</subfield><subfield code="b">New Mexico</subfield><subfield code="c">Harding</subfield><subfield code="d">Mosquero.</subfield></datafield><datafield ind1="0" ind2="0" tag="780"><subfield code="t">Mosquero developer</subfield><subfield code="w">(DLC)sn 93060652</subfield></datafield></record>